%% This BibTeX bibliography file was created using BibDesk.
%% http://bibdesk.sourceforge.net/


%% Created for Zisis Papandreou at 2017-09-06 14:40:15 -0600 


%% Saved with string encoding Unicode (UTF-8) 



@techreport{Irina-Fluka,
	Author = {Semenov, A.Yu. and Semenova, I.A.},
	Date-Added = {2017-07-01 14:32:47 +0000},
	Date-Modified = {2017-09-06 19:54:01 +0000},
	Institution = {University of Regina},
	Keywords = {Barrel calorimeter},
	Month = {July},
	Note = {\href{https://halldweb.jlab.org/doc-public/DocDB/ShowDocument?docid=1301}{Technial Report GlueX-doc-1301} (hyperlink)},
	Title = {Energy Resolution and Output Signals Simulation for Detailed-Structure BCAL Module Model},
	Year = {2009},
	Bdsk-Url-1 = {https://halldweb.jlab.org/doc-public/DocDB/ShowDocument?docid=1301}}

@techreport{gx842,
	Author = {Dzierba, A.R. and Koleva, G. and Kourkoumelis, C. and Leverington, B.D. and Lolos, G.J. and Papandreou, Z. and Semenov, A.Yu.},
	Date-Added = {2017-07-01 14:07:16 +0000},
	Date-Modified = {2017-09-06 19:54:45 +0000},
	Institution = {Indiana University and University of Regina},
	Keywords = {Barrel calorimeter},
	Month = {July},
	Note = {\href{https://halldweb.jlab.org/doc-public/DocDB/ShowDocument?docid=842}{Technical Report GlueX-doc-842} (hyperlink)},
	Title = {BCAL Facts: What we know and how we know},
	Year = {2007},
	Bdsk-Url-1 = {https://halldweb.jlab.org/doc-public/DocDB/ShowDocument?docid=842}}

@mastersthesis{Stamatis_thesis,
	Address = {Department of Physics},
	Author = {Stamatios Katsaganis},
	Date-Added = {2017-07-01 13:59:02 +0000},
	Date-Modified = {2017-07-01 14:03:00 +0000},
	Month = {March},
	School = {University of Regina},
	Title = {{The Electromagnetic Calorimeter of the GlueX Particle Detector}},
	Note = {\href{https://halldweb.jlab.org/doc-public/DocDB/ShowDocument?docid=1806}{Technical Report GlueX-doc-1806} (hyperlink)},
	Year = {2011}}

@article{Adinolfi:2002jk,
	Author = {Adinolfi, M. and Ambrosino, F. and Antonelli, A. and Antonelli, M. and Anulli, F. and others},
	Date-Added = {2017-04-04 22:04:35 +0000},
	Date-Modified = {2017-04-04 22:04:35 +0000},
	Doi = {10.1016/S0168-9002(02)01488-2},
	Journal = {Nucl.Instrum.Meth.},
	Pages = {326 - 331},
	Title = {{The KLOE electromagnetic calorimeter}},
	Volume = {A494},
	Year = {2002},
	Bdsk-Url-1 = {http://dx.doi.org/10.1016/S0168-9002(02)01488-2}}

@article{Adinolfi:2002zx,
	Author = {Adinolfi, M. and Ambrosino, F. and Antonelli, A. and Antonelli, M. and Anulli, F. and others},
	Date-Added = {2017-04-04 22:04:28 +0000},
	Date-Modified = {2017-04-04 22:04:28 +0000},
	Doi = {10.1016/S0168-9002(01)01502-9},
	Journal = {Nucl.Instrum.Meth.},
	Pages = {364-386},
	Slaccitation = {%%CITATION = NUIMA,A482,364;%%},
	Title = {{The KLOE electromagnetic calorimeter}},
	Volume = {A482},
	Year = {2002},
	Bdsk-Url-1 = {http://dx.doi.org/10.1016/S0168-9002(01)01502-9}}

@article{Adinolfi:2001sk,
	Author = {Adinolfi, M. and Ambrosino, F. and Antonelli, A. and Antonelli, M. and Anulli, F. and others},
	Date-Added = {2017-04-04 22:04:22 +0000},
	Date-Modified = {2017-04-04 22:04:22 +0000},
	Doi = {10.1016/S0168-9002(02)01488-2},
	Journal = {Nucl.Instrum.Meth.},
	Pages = {344},
	Title = {{The KLOE electromagnetic calorimeter}},
	Volume = {A461},
	Year = {2001},
	Bdsk-Url-1 = {http://dx.doi.org/10.1016/S0168-9002(02)01488-2}}
	
@article{Bilokon:1983,
    Author = {Bilokon, H. and others},
    Date-Added = {2019-12-24 06:53:00 +0000},
    Date-Modified = {2019-12-24 06:53:00 +0000},
    Doi = {10.1016/0167-5087(83)90061-3},
    Journal = {Nucl.Instrum.Meth.},
    Pages = {299-310},
	Title = {Coherent bremsstrahlung in crystals as a tool for producing high energy photon beams to be used in photoproduction experiments at CERN SPS},
	Url = {https://www.sciencedirect.com/science/article/pii/0167508783900613},
	Volume = {204},
	Year = {1983},
	Bdsk-Url-1 = {https://doi.org/10.1016/0167-5087(83)90061-3}}

@article{Pentchev2017281,
	Author = {L. Pentchev and others},
	Doi = {https://doi.org/10.1016/j.nima.2016.04.076},
	Issn = {0168-9002},
	Journal = {Nucl. Instrum. Meth.},
	Keywords = {Cluster counting},
	Note = {Proceedings of the Vienna Conference on Instrumentation 2016},
	Pages = {281 - 284},
	Title = {Studies with cathode drift chambers for the GlueX experiment at Jefferson Lab},
	Url = {http://www.sciencedirect.com/science/article/pii/S0168900216302893},
	Volume = {845},
	Year = {2017},
	Bdsk-Url-1 = {http://www.sciencedirect.com/science/article/pii/S0168900216302893},
	Bdsk-Url-2 = {https://doi.org/10.1016/j.nima.2016.04.076}
}

@phdthesis{MikeStaib_thesis,
	Address = {Department of Physics},
	Author = {Michael Staib},
	Month = {September},
	School = {Carnegie Mellon University},
	Title = {{Calibrations for charged particle tracking and the measurements of $\omega$ photoproduction with the GlueX Detector}},
	Note = {\href{https://halldweb.jlab.org/doc-public/DocDB/ShowDocument?docid=3393}{Technical Report GlueX-doc-3393} (hyperlink)},
	Year = {2017}}
	 

@article{MORIYA201360,
	Author = {K. Moriya and others},
	Doi = {http://dx.doi.org/10.1016/j.nima.2013.05.109},
	Issn = {0168-9002},
	Journal = {Nucl. Instrum. Meth.},
	Keywords = {Flash ADC},
	Pages = {60 - 66},
	Title = {{A measurement of the energy and timing resolution of the GlueX Forward Calorimeter using an electron beam}},
	Url = {http://www.sciencedirect.com/science/article/pii/S0168900213007201},
	Volume = {726},
	Year = {2013},
	Bdsk-Url-1 = {http://www.sciencedirect.com/science/article/pii/S0168900213007201},
	Bdsk-Url-2 = {http://dx.doi.org/10.1016/j.nima.2013.05.109}
}





@techreport{hdnote840,
	Author = {Z. Papandreou},
	Institution = {University of Regina},
	Month = jul,
	Note = {\href{https://halldweb.jlab.org/doc-public/DocDB/ShowDocument?docid=840}{Technical Report GlueX-doc-840} (hyperlink)},
	Title = {{BCAL Calorimetry Response}},
	Year = {2008}
}

@techreport{hdnote3064,
	Author = {E. Pooser},
	Date-Modified = {2017-09-06 19:45:03 +0000},
	Institution = {Ph.D. Thesis, Florida International University},
	Month = jun,
	Note = {\href{https://halldweb.jlab.org/doc-public/DocDB/ShowDocument?docid=3064}{Technical Report GlueX-doc-3064} (hyperlink)},
	Title = {{The GlueX Start Counter \& Beam Asymmetry $\Sigma$ in Single $\pi^{0}$ Photoproduction}},
	Year = 2016}
	
@article{Pooser:2019rhu,
      author         = "E. Pooser and others",
      title          = "{The GlueX Start Counter Detector}",
      journal        = "Nucl. Instrum. Meth.",
      volume         = "A927",
      year           = "2019",
      pages          = "330-342",
      doi            = "10.1016/j.nima.2019.02.029",
      eprint         = "1901.02759",
      archivePrefix  = "arXiv",
      primaryClass   = "physics.ins-det",
      SLACcitation   = "%%CITATION = ARXIV:1901.02759;%%"
}

@article{Miller:1973yi,
      author         = "Miller, Guthrie and Walz, Dieter R.",
      title          = "{A Tungsten Pin Cushion Photon Beam Monitor}",
      journal        = "Nucl. Instrum. Meth.",
      volume         = "117",
      year           = "1974",
      pages          = "33",
      doi            = "10.1016/0029-554X(74)90380-2",
      reportNumber   = "SLAC-PUB-1297",
      SLACcitation   = "%%CITATION = NUIMA,117,33;%%"
}

@article{Leemann:2001dg,
      author         = "Leemann, C. W. and Douglas, D. R. and Krafft, G. A.",
      title          = "{The Continuous Electron Beam Accelerator Facility: CEBAF at the Jefferson Laboratory}",
      journal        = "Ann. Rev. Nucl. Part. Sci.",
      volume         = "51",
      year           = "2001",
      pages          = "413-450",
      doi            = "10.1146/annurev.nucl.51.101701.132327",
      reportNumber   = "JLAB-ACC-01-31",
      SLACcitation   = "%%CITATION = ARNUA,51,413;%%"
}
	
@article{KalmanFilter,
    author = {Kalman, R. E.},
    title = "{A New Approach to Linear Filtering and Prediction Problems}",
    journal = {ASME Journal of Basic Engineering},
    volume = {82},
    number = {1},
    pages = {35-45},
    year = {1960},
    month = {03},
    issn = {0098-2202},
    doi = {10.1115/1.3662552},
    url = {https://doi.org/10.1115/1.3662552},
    eprint = {https://asmedigitalcollection.asme.org/fluidsengineering/article-pdf/82/1/35/4756308/35\_1.pdf},
}

@article{KalmanFilter2,
    author = {Kalman, R. E. and Bucy, R. S.},
    title = "{New Results in Linear Filtering and Prediction Theory}",
    journal = {ASME Journal of Basic Engineering},
    volume = {83},
    number = {1},
    pages = {95-108},
    year = {1961},
    month = {03},
    issn = {0098-2202},
    doi = {10.1115/1.3658902},
    url = {https://doi.org/10.1115/1.3658902},
    eprint = {https://asmedigitalcollection.asme.org/fluidsengineering/article-pdf/83/1/95/4655100/95\_1.pdf},
}


@techreport{hdnote2515,
	Author = {F. Barbosa},
	Institution = {Jefferson Lab},
	Month = jun,
	Note = {\href{https://halldweb.jlab.org/doc-public/DocDB/ShowDocument?docid=2515} (hyperlink)},
	Title = {{Electronics overview}},
	Year = 2014}

@techreport{hdnote1795,
	Author = {F. Barbosa},
	Institution = {Jefferson Lab},
	Month = aug,
	Note = {\href{https://halldweb.jlab.org/doc-public/DocDB/ShowDocument?docid=1795}{Technical Report GlueX-doc-1795} (hyperlink)},
	Title = {{The BCAL SiPM Array Readout}},
	Year = 2011}	
	
@techreport{hdnote2910,
	Author = {E.S. Smith},
	Institution = {Jefferson Lab},
	Month = jan,
	Note = {\href{https://halldweb.jlab.org/doc-public/DocDB/ShowDocument?docid=2910}{Technical Report GlueX-doc-2910} (hyperlink)},
	Title = {{Comparison of JLab and UTFSM SiPM measurements}},
	Year = 2016}	
	
	
	
@techreport{hdnote985,
	Author = {A. Dzierba},
	Date-Added = {2017-04-04 22:00:41 +0000},
	Date-Modified = {2017-09-06 19:48:36 +0000},
	Institution = {University of Indiana},
	Month = feb,
	Note = {\href{https://halldweb.jlab.org/doc-public/DocDB/ShowDocument?docid=985}{Technical Report GlueX-doc-985} (hyperlink)},
	Title = {{Physics and Calorimeter Performance Metrics}},
	Year = 2007}

@article{VanHaarlem:2010yq,
	Author = {Y. Van Haarlem and others},
	Date-Added = {2017-04-04 21:33:41 +0000},
	Date-Modified = {2017-04-04 21:35:29 +0000},
	Journal = {Nucl.Instrum.Meth.},
	Pages = {142-156},
	Title = {{The GlueX Central Drift Chamber: Design and Performance}},
	Volume = {A622},
	Year = {2010}}
	
@article{KADYK1991436,
title = "Wire chamber aging",
journal = "Nuclear Instruments and Methods in Physics Research Section A: Accelerators, Spectrometers, Detectors and Associated Equipment",
volume = "300",
number = "3",
pages = "436 - 479",
year = "1991",
issn = "0168-9002",
doi = "https://doi.org/10.1016/0168-9002(91)90381-Y",
url = "http://www.sciencedirect.com/science/article/pii/016890029190381Y",
author = "John A. Kadyk"
}
	
@article{VAVRA20031,
title = "Physics and chemistry of aging - early developments",
journal = "Nuclear Instruments and Methods in Physics Research Section A: Accelerators, Spectrometers, Detectors and Associated Equipment",
volume = "515",
number = "1",
pages = "1 - 14",
year = "2003",
note = "Proceedings of the International Workshop on Aging Phenomena in Gaseous Detectors",
issn = "0168-9002",
doi = "https://doi.org/10.1016/j.nima.2003.08.124",
url = "http://www.sciencedirect.com/science/article/pii/S0168900203024458",
author = "J Va‚Äôvra"
}	
	

@techreport{hdnote15,
	Author = {C. A. Meyer and P. Eugenio},
	Date-Added = {2017-04-04 21:00:09 +0000},
	Date-Modified = {2017-09-06 19:46:56 +0000},
	Institution = {Carnegie Mellon University},
	Note = {\href{https://halldweb.jlab.org/doc-public/DocDB/ShowDocument?docid=15}{Technical Report GlueX-doc-15} (hyperlink)},
	Title = {{A Study of Compined {$K$--$\pi$} Separation using Time--of--Flight Counters and a Gas \v{C}erenkov Detector}},
	Year = {1998}}

@techreport{hdnote14,
	Author = {C. A. Meyer},
	Date-Added = {2017-04-04 20:59:57 +0000},
	Date-Modified = {2017-09-06 19:46:22 +0000},
	Institution = {Carnegie Mellon University},
	Note = {\href{https://halldweb.jlab.org/doc-public/DocDB/ShowDocument?docid=14}{Technical Report GlueX-doc-14} (hyperlink)},
	Title = {{A Study of Timing Resolutions on Particle Identification in the Hall~D Dectector at Jefferson Lab}},
	Year = {1999}}

@article{HAKOBYAN2008218,
title = "A double-target system for precision measurements of nuclear medium effects",
journal = "Nucl. Instrum. Meth. A:",
volume = "592",
number = "3",
pages = "218 - 223",
year = "2008",
issn = "0168-9002",
doi = "https://doi.org/10.1016/j.nima.2008.04.055",
author = "H. Hakobyan  et al.",
}

@article{Ghoul2015,
	Author = {H. Al Ghoul, and others},
	Date-Added = {2017-04-04 20:50:42 +0000},
	Date-Modified = {2017-04-04 20:56:37 +0000},
	Journal = {arXiv},
	Title = {First Results from the GlueX Experiment},
	Volume = {1512.03699},
	Year = {2015}}

@article{AlGhoul:2017nbp,
	Archiveprefix = {arXiv},
	Author = {H. Al Ghoul and others},
	Collaboration = {GlueX},
	Doi = {10.1103/PhysRevC.95.042201},
	Eprint = {1701.08123},
	Journal = {Phys. Rev.},
	Number = {4},
	Pages = {042201},
	Primaryclass = {nucl-ex},
	Reportnumber = {JLAB-PHY-17-2403},
	Title = {{Measurement of the beam asymmetry $\Sigma$ for $\pi^0$ and $\eta$ photoproduction on the proton at $E_\gamma = 9$ GeV}},
	Volume = {C95},
	Year = {2017},
	Bdsk-Url-1 = {http://dx.doi.org/10.1103/PhysRevC.95.042201}
}

@misc{gluex-ref,
	Author = {{The GlueX Collaboration}},
	Date-Modified = {2017-09-06 15:34:16 +0000},
	Note = {\href{https://halldweb1.jlab.org/wiki/index.php/GlueX_Project_Overviews}{GlueX Project Overviews} (hyperlink)},
	Title = {{The GlueX Experiment in Hall~D}},
	Year = {2010}}

@inproceedings{Ghoul:2015ifw,
	Archiveprefix = {arXiv},
	Author = {Meyer, C.A. and others},
	Booktitle = {{16th International Conference on Hadron Spectroscopy (Hadron 2015) Newport News, Virginia, USA, September 13-18, 2015}},
	Collaboration = {GlueX},
	Eprint = {1512.03699},
	Primaryclass = {nucl-ex},
	Title = {{First Results from The GlueX Experiment}},
	Url = {https://inspirehep.net/record/1409299/files/arXiv:1512.03699.pdf},
	Year = {2015},
	Bdsk-Url-1 = {https://inspirehep.net/record/1409299/files/arXiv:1512.03699.pdf}}

@article{Meyer:2015eta,
	Author = {Meyer, C. A. and Swanson, E. S.},
	Journal = {Prog. Part. Nucl. Phys.},
	Pages = {21-58},
	Title = {Hybrid Mesons},
	Volume = {82},
	Year = {2015}}

@article{Meyer:2010ku,
      author         = "Meyer, C. A. and Van Haarlem, Y.",
      title          = "{The Status of Exotic-quantum-number Mesons}",
      journal        = "Phys. Rev.",
      volume         = "C82",
      year           = "2010",
      pages          = "025208",
      doi            = "10.1103/PhysRevC.82.025208",
      eprint         = "1004.5516",
      archivePrefix  = "arXiv",
      primaryClass   = "nucl-ex",
      SLACcitation   = "%%CITATION = ARXIV:1004.5516;%%"
}

@article{Crede:2008vw,
      author         = "Crede, V. and Meyer, C. A.",
      title          = "{The Experimental Status of Glueballs}",
      journal        = "Prog. Part. Nucl. Phys.",
      volume         = "63",
      year           = "2009",
      pages          = "74-116",
      doi            = "10.1016/j.ppnp.2009.03.001",
      eprint         = "0812.0600",
      archivePrefix  = "arXiv",
      primaryClass   = "hep-ex",
      SLACcitation   = "%%CITATION = ARXIV:0812.0600;%%"
}

@article{Dudek:2013yja,
	Author = {Dudek, Jozef J. and others},
	Collaboration = {Hadron Spectrum},
	Journal = {Phys. Rev.},
	Number = {9},
	Pages = {094505},
	Title = {{Toward the excited isoscalar meson spectrum from lattice QCD}},
	Volume = {D88},
	Year = {2013}}

@article{Yokoyama2010567,
	Author = {M. Yokoyama and others},
	Collaboration = {{T2K}},
	Doi = {http://dx.doi.org/10.1016/j.nima.2010.07.070},
	Issn = {0168-9002},
	Journal = {Nucl. Instrum. Methods A},
	Keywords = {Quality assurance},
	Number = {3},
	Pages = {567 - 573},
	Title = {Performance of multi-pixel photon counters for the \{T2K\} near detectors},
	Url = {http://www.sciencedirect.com/science/article/pii/S0168900210016840},
	Volume = {622},
	Year = {2010},
	Bdsk-Url-1 = {http://www.sciencedirect.com/science/article/pii/S0168900210016840},
	Bdsk-Url-2 = {http://dx.doi.org/10.1016/j.nima.2010.07.070}}

@article{Fienberg201512,
	Author = {Fienberg, A.T. and others},
	Collaboration = {g-2},
	Doi = {http://dx.doi.org/10.1016/j.nima.2015.02.028},
	Issn = {0168-9002},
	Journal = {Nucl. Instrum. Methods A},
	Keywords = {Electromagnetic calorimeter},
	Pages = {12 - 21},
	Title = {Studies of an array of PbF2 Cherenkov crystals with large-area SiPM readout},
	Url = {http://www.sciencedirect.com/science/article/pii/S0168900215002090},
	Volume = {783},
	Year = {2015},
	Bdsk-Url-1 = {http://www.sciencedirect.com/science/article/pii/S0168900215002090},
	Bdsk-Url-2 = {http://dx.doi.org/10.1016/j.nima.2015.02.028}}

@article{soto,
	Author = {Soto, O. and others},
	Journal = {Nucl. Instrum. Methods A},
	Pages = {431-436},
	Title = {{Characterization of novel Hamamatsu Multi Pixel Photon Counter (MPPC) arrays for the GlueX experiment}},
	Volume = {732},
	Year = {2013}}

@article{Soto201489,
	Author = {Soto, O. and others},
	Doi = {http://dx.doi.org/10.1016/j.nima.2013.12.032},
	Issn = {0168-9002},
	Journal = {Nucl. Instrum. Methods A},
	Keywords = {Photostatistic},
	Pages = {89-97},
	Title = {{Novel Hamamatsu Multi-Pixel Photon Counter (MPPC) array studies for the GlueX experiment: New results}},
	Url = {http://www.sciencedirect.com/science/article/pii/S0168900213017233},
	Volume = {739},
	Year = {2014},
	Bdsk-Url-1 = {http://www.sciencedirect.com/science/article/pii/S0168900213017233},
	Bdsk-Url-2 = {http://dx.doi.org/10.1016/j.nima.2013.12.032}}

@article{Barbosa2012100,
	Author = {F. Barbosa and others},
	Doi = {http://dx.doi.org/10.1016/j.nima.2011.11.059},
	Issn = {0168-9002},
	Journal = {Nucl. Instrum. Methods A},
	Keywords = {Meson spectroscopy},
	Pages = {100 - 104},
	Title = {{Silicon photomultiplier characterization for the GlueX barrel calorimeter}},
	Url = {http://www.sciencedirect.com/science/article/pii/S0168900211021036},
	Volume = {695},
	Year = {2012},
	Bdsk-Url-1 = {http://www.sciencedirect.com/science/article/pii/S0168900211021036},
	Bdsk-Url-2 = {http://dx.doi.org/10.1016/j.nima.2011.11.059}}

@article{Qiang2013234,
	Author = {Yi Qiang and others},
	Doi = {http://dx.doi.org/10.1016/j.nima.2012.10.015},
	Issn = {0168-9002},
	Journal = {Nucl. Instrum. Meth.},
	Keywords = {Barrel calorimeter},
	Pages = {234 - 241},
	Title = {{Radiation hardness tests of SiPMs for the JLab Hall D Barrel calorimeter}},
	Url = {http://www.sciencedirect.com/science/article/pii/S0168900212011473},
	Volume = {A698},
	Year = {2013},
	Bdsk-Url-1 = {http://www.sciencedirect.com/science/article/pii/S0168900212011473},
	Bdsk-Url-2 = {http://dx.doi.org/10.1016/j.nima.2012.10.015}}

@article{bcal-2,
	Author = {Papandreou, Z. and Leverington, B.D. and Lolos, G.J.},
	Journal = {Nucl. Instrum. Methods},
	Pages = {338-346},
	Title = {{Spectral response of scintillating fibres}},
	Volume = {A596},
	Year = {2008}}

@article{Anassontzis201441,
	Author = {E.G. Anassontzis and others},
	Doi = {http://dx.doi.org/10.1016/j.nima.2013.11.054},
	Issn = {0168-9002},
	Journal = {Nucl. Instrum. Methods A},
	Keywords = {Sampling calorimeter},
	Pages = {41 - 49},
	Title = {Relative gain monitoring of the \gx{} calorimeters},
	Url = {http://www.sciencedirect.com/science/article/pii/S0168900213015957},
	Volume = {738},
	Year = {2014},
	Bdsk-Url-1 = {http://www.sciencedirect.com/science/article/pii/S0168900213015957},
	Bdsk-Url-2 = {http://dx.doi.org/10.1016/j.nima.2013.11.054}}

@article{Lightfoot:2008im,
	Archiveprefix = {arXiv},
	Author = {Lightfoot, P.K. and others},
	Doi = {10.1088/1748-0221/3/10/P10001},
	Eprint = {0807.3220},
	Journal = {JINST},
	Pages = {P10001},
	Primaryclass = {physics.ins-det},
	Title = {{Characterisation of a silicon photomultiplier device for applications in liquid argon based neutrino physics and dark matter searches}},
	Volume = {3},
	Year = {2008},
	Bdsk-Url-1 = {http://dx.doi.org/10.1088/1748-0221/3/10/P10001}}

@article{Adinolfi2002326,
	Author = {M. Adinolfi and others},
	Doi = {http://dx.doi.org/10.1016/S0168-9002(02)01488-2},
	Issn = {0168-9002},
	Journal = {Nucl. Instr. and Meth. A},
	Keywords = {Time resolution},
	Note = {Proceedings of the 8th International Conference on Instrumentation for Colliding Beam Physics},
	Number = {1-3},
	Pages = {326 - 331},
	Title = {The \{KLOE\} electromagnetic calorimeter},
	Url = {http://www.sciencedirect.com/science/article/pii/S0168900202014882},
	Volume = {494},
	Year = {2002},
	Bdsk-Url-1 = {http://www.sciencedirect.com/science/article/pii/S0168900202014882},
	Bdsk-Url-2 = {http://dx.doi.org/10.1016/S0168-9002(02)01488-2}}

@article{Baulin201348,
	Author = {A.E. Baulin and others},
	Doi = {http://dx.doi.org/10.1016/j.nima.2013.03.027},
	Issn = {0168-9002},
	Journal = {Nucl. Instr. and Meth. A},
	Keywords = {Spectral response},
	Pages = {48 - 55},
	Title = {{Attenuation length and spectral response of Kuraray SCSF-78MJ scintillating fibres}},
	Url = {http://www.sciencedirect.com/science/article/pii/S016890021300315X},
	Volume = {715},
	Year = {2013},
	Bdsk-Url-1 = {http://www.sciencedirect.com/science/article/pii/S016890021300315X},
	Bdsk-Url-2 = {http://dx.doi.org/10.1016/j.nima.2013.03.027}}

@article{Beattie2014245,
	Author = {T.D. Beattie and others},
	Doi = {http://dx.doi.org/10.1016/j.nima.2014.08.038},
	Issn = {0168-9002},
	Journal = {Nucl. Instr. and Meth. A},
	Keywords = {Number of photoelectrons},
	Pages = {245 - 251},
	Title = {{Light yield of Kuraray SCSF-78MJ scintillating fibers for the Gluex barrel calorimeter}},
	Url = {http://www.sciencedirect.com/science/article/pii/S0168900214009735},
	Volume = {767},
	Year = {2014},
	Bdsk-Url-1 = {http://www.sciencedirect.com/science/article/pii/S0168900214009735},
	Bdsk-Url-2 = {http://dx.doi.org/10.1016/j.nima.2014.08.038}}

@article{Leverington2008327,
	Author = {B.D. Leverington and others},
	Doi = {http://dx.doi.org/10.1016/j.nima.2008.08.137},
	Issn = {0168-9002},
	Journal = {Nucl. Instrum. and Meth. A},
	Keywords = {Scintillating fibres},
	Number = {3},
	Pages = {327 - 337},
	Title = {Performance of the prototype module of the GlueX electromagnetic barrel calorimeter},
	Url = {http://www.sciencedirect.com/science/article/pii/S0168900208013077},
	Volume = {596},
	Year = {2008},
	Bdsk-Url-1 = {http://www.sciencedirect.com/science/article/pii/S0168900208013077},
	Bdsk-Url-2 = {http://dx.doi.org/10.1016/j.nima.2008.08.137}}

@article{BeattieIEEE,
	Author = {Beattie, T. and others},
	Date-Modified = {2017-07-01 13:58:38 +0000},
	Doi = {10.1109/TNS.2015.2442262},
	Issn = {0018-9499},
	Journal = {Nuclear Science, IEEE Transactions on},
	Keywords = {Poisson distribution;particle calorimetry;position sensitive particle detectors;GlueX experiment;Jefferson Lab;Poisson statistics;electromagnetic barrel calorimeter;large-area multipixel photon counters;photon detection efficiency;photosensors;size 50 mum;temperature 293 K to 298 K;Arrays;Current measurement;Measurement by laser beam;Noise;Photodiodes;Photonics;Wavelength measurement;Multi-photon pixel counters;photon detection efficiency;silicon photomultipliers},
	Month = {Aug},
	Number = {4},
	Pages = {1865-1872},
	Title = {Methodology for the Determination of the Photon Detection Efficiency of Large-Area Multi-Pixel Photon Counters},
	Volume = {62},
	Year = {2015},
	Bdsk-Url-1 = {http://dx.doi.org/10.1109/TNS.2015.2442262}}

@techreport{hdnote1777,
	Author = {Barbosa, F. and others},
	Date-Modified = {2017-09-06 19:51:39 +0000},
	Institution = {Jefferson Lab},
	Month = may,
	Note = {\href{https://halldweb.jlab.org/doc-public/DocDB/ShowDocument?docid=1777}{Technical Report GlueX-doc-1777} (hyperlink)},
	Title = {{Test Results for the 80 First Article samples of the Hamamatsu S10943-0258(X) array}},
	Year = 2011}
	

@techreport{hdnote2511,
	Author = {Dugger, M. and others},
	Institution = {Jefferson Lab},
	Month = jul,
	Note = {\href{https://halldweb.jlab.org/doc-public/DocDB/ShowDocument?docid=2511}{Technical Report GlueX-doc-2511} (hyperlink)},
	Title = {{Hall D / GlueX Technical Construction Report, Chapter 3.10}},
	Year = 2017}

@techreport{hdnote1021,
	Author = {Barbosa, F. and others},
	Institution = {Jefferson Lab},
	Month = apr,
	Note = {\href{https://halldweb.jlab.org/doc-public/DocDB/ShowDocument?docid=1021}{Technical Report GlueX-doc-1021} (hyperlink)},
	Title = {{The Jefferson Lab High Resolution Time-to-Digital Converter (TDC)}},
	Year = 2008}

@techreport{hdnote1022,
	Author = {Barbosa, F. and others},
	Date-Modified = {2017-09-06 19:52:23 +0000},
	Institution = {Jefferson Lab},
	Month = apr,
	Note = {\href{https://halldweb.jlab.org/doc-public/DocDB/ShowDocument?docid=1022}{Technical Report GlueX-doc-1022} (hyperlink)},
	Title = {{A VME64x, 16-Channel, Pipelined 250 MSPS Flash ADC With Switched Serial (VXS) Extension}},
	Year = 2008}

@techreport{hdnote1784,
	Author = {Smith, E.S.},
	Date-Modified = {2017-09-06 19:50:06 +0000},
	Institution = {Jefferson Lab},
	Month = apr,
	Note = {\href{https://halldweb.jlab.org/doc-public/DocDB/ShowDocument?docid=1784}{Technical Report GlueX-doc-1784} (hyperlink)},
	Title = {{Acceptance Studies for the Production Light Guides of the BCAL}},
	Year = 2011}

@techreport{hdnote3097,
	Author = {Henschel, C.L. and Beattie,T. and Papandreou, Z.},
	Date-Modified = {2017-09-06 19:55:26 +0000},
	Institution = {Jefferson Lab},
	Month = aug,
	Note = {\href{https://halldweb.jlab.org/doc-public/DocDB/ShowDocument?docid=3097}{Technical Report GlueX-doc-3097} (hyperlink)},
	Title = {{Feasibility of Michel Electron Calibration for the Barrel Calorimeter in the GlueX Experiment}},
	Year = 2016}

@article{doi:10.1063/1.4955340,
	Author = {Smith, E.S.},
	Collaboration = {"GlueX"},
	Doi = {10.1063/1.4955340},
	Eprint = {http://aip.scitation.org/doi/pdf/10.1063/1.4955340},
	Institution = {Jefferson Lab},
	Journal = {AIP Conference Proceedings},
	Number = {1},
	Pages = {010001},
	Title = {{Development of Silicon Photomultipliers and their Applications to GlueX Calorimetry}},
	Url = {http://aip.scitation.org/doi/abs/10.1063/1.4955340},
	Volume = {1753},
	Year = {2016},
	Bdsk-Url-1 = {http://aip.scitation.org/doi/abs/10.1063/1.4955340},
	Bdsk-Url-2 = {http://dx.doi.org/10.1063/1.4955340}}

@techreport{hdnote2913,
	Author = {Smith, E.S.},
	Date-Modified = {2017-09-06 19:50:43 +0000},
	Institution = {Jefferson Lab},
	Month = dec,
	Note = {{AIP Proceedings 1753 -- XI Latin American Symposium on Nuclear Physics and Applications, Medell\'in, Colombia}. \href{https://halldweb.jlab.org/doc-public/DocDB/ShowDocument?docid=2913}{Technical Report GlueX-doc-2913} (hyperlink)},
	Title = {{Development of Silicon Photomultipliers and their Applications to GlueX}},
	Year = 2015}

@techreport{hdnote3164,
	Author = {Papandreou, Z.},
	Date-Modified = {2017-09-06 19:49:12 +0000},
	Institution = {Jefferson Lab},
	Month = oct,
	Note = {\href{https://halldweb.jlab.org/doc-public/DocDB/ShowDocument?docid=3164}{Technical Report GlueX-doc-3164} (hyperlink)},
	Title = {{Construction of the GlueX Barrel Calorimeter}},
	Year = 2016}

@techreport{clasnote2002007,
	Author = {Smith, E.S. and Nasseripour, R.},
	Date-Modified = {2017-09-06 19:56:29 +0000},
	Institution = {Jefferson Lab},
	Month = jun,
	Note = {\href{http://www.jlab.org/Hall-B/notes/clas_notes02/02-007.pdf}{Technical Report CLAS-NOTE-2002-007} (hyperlink)},
	Title = {{Systematic Study of Time-walk Corrections for the TOF Counters}},
	Year = 2002}
	
@misc{ wiki:CANBus,
    author = "{Wikipedia contributors}",
    title = "{CAN} bus --- {Wikipedia}{,} The Free Encyclopedia",
    year = "2019",
    url = "https://en.wikipedia.org/w/index.php?title=CAN_bus&oldid=922757529",
    note = "[Online; accessed 28-October-2019]"
  }
  
  
 @article{Adhikari:2019gfa,
      author         = "Adhikari, S. and others",
      title          = "{Beam Asymmetry $\mathbf{\Sigma}$ for the Photoproduction
                        of $\mathbf{\eta}$ and $\mathbf{\eta^{\prime}}$ Mesons at
                        $\mathbf{E_{\gamma}=8.8}$GeV}",
      collaboration  = "GlueX",
      journal        = "Phys. Rev.",
      volume         = "C100",
      year           = "2019",
      number         = "5",
      pages          = "052201",
      doi            = "10.1103/PhysRevC.100.052201",
      eprint         = "1908.05563",
      archivePrefix  = "arXiv",
      primaryClass   = "nucl-ex",
      reportNumber   = "GlueX-Doc 4093",
      SLACcitation   = "%%CITATION = ARXIV:1908.05563;%%"
}


  
  
@article{Ali:2019lzf,
      author         = "Ali, A. and others",
      title          = "{First Measurement of Near-Threshold J/ψ Exclusive
                        Photoproduction off the Proton}",
      collaboration  = "GlueX",
      journal        = "Phys. Rev. Lett.",
      volume         = "123",
      year           = "2019",
      number         = "7",
      pages          = "072001",
      doi            = "10.1103/PhysRevLett.123.072001",
      eprint         = "1905.10811",
      archivePrefix  = "arXiv",
      primaryClass   = "nucl-ex",
      reportNumber   = "JLAB-PHY-19-2946",
      SLACcitation   = "%%CITATION = ARXIV:1905.10811;%%"
}
	
@article{Sober2000263,
	Author = {D.I. Sober and others},
	Doi = {http://dx.doi.org/10.1016/S0168-9002(99)00784-6},
	Issn = {0168-9002},
	Journal = {Nucl. Instrum. and Meth. A},
	Keywords = {Time-based logic},
	Number = {2},
	Pages = {263 - 284},
	Title = {{The bremsstrahlung tagged photon beam in Hall B at JLab}},
	Url = {http://www.sciencedirect.com/science/article/pii/S0168900299007846},
	Volume = {440},
	Year = {2000},
	Bdsk-Url-1 = {http://www.sciencedirect.com/science/article/pii/S0168900299007846},
	Bdsk-Url-2 = {http://dx.doi.org/10.1016/S0168-9002(99)00784-6}}

@article{BORGGREEN19631,
    title = {A proposed spectrograph for heavy particles},
    journal = {Nuclear Instruments and Methods},
    volume = {24},
    pages = {1 - 12},
    year = {1963},
    issn = {0029-554X},
    doi = {https://doi.org/10.1016/0029-554X(63)90276-3},
    url = {http://www.sciencedirect.com/science/article/pii/0029554X63902763},
    author = {J. Borggreen and B. Elbek and L. Perch Nielsen}
}

@article{BARBOSA2015376,
    title = {{Pair spectrometer hodoscope for Hall D at Jefferson Lab}},
    journal = {Nucl. Instrum. Meth. A},
    volume = {795},
    pages = {376 - 380},
    year = {2015},
    issn = {0168-9002},
    doi = {https://doi.org/10.1016/j.nima.2015.06.012},
    url = {http://www.sciencedirect.com/science/article/pii/S0168900215007573},
    author = {Barbosa, F. and Hutton, C. and Sitnikov, A. and Somov, A. and Somov, S. and Tolstukhin, I.}
}

@article{timm1969,
  author = {U. Timm},
  title = {Coherent Bremsstrahlung of Electrons in Crystals},
  journal = {Fortschritt der Physik},
  volume = {17},
  pages = {765-808},
  year = {1969}
}

@article{LIVINGSTON2009205,
title = {The Stonehenge technique. A method for aligning coherent bremsstrahlung radiators},
journal = {Nucl. Instrum. Meth. A},
volume = {603},
number = {3},
pages = {205 - 213},
year = {2009},
issn = {0168-9002},
doi = {https://doi.org/10.1016/j.nima.2009.02.010},
url = {http://www.sciencedirect.com/science/article/pii/S0168900209003477},
author = {K. Livingston}
}

@article{YANG2012,
author = {Yang, Guangliang and Livingston, Ken and Jones, Richard and Klein, Franz},
title = {High resolution X-ray diffraction study of single crystal diamond radiators},
journal = {physica status solidi (a)},
volume = {209},
number = {9},
pages = {1786-1791},
keywords = {coherent bremsstrahlung radiator, diamond, radiation damage, X-ray rocking curve},
doi = {10.1002/pssa.201200017},
url = {https://onlinelibrary.wiley.com/doi/abs/10.1002/pssa.201200017},
eprint = {https://onlinelibrary.wiley.com/doi/pdf/10.1002/pssa.201200017},
year = {2012}
}

@article{YANG2010719,
title = {Rocking curve imaging for diamond radiator crystal selection},
journal = {Diamond and Related Materials},
volume = {19},
number = {7},
pages = {719 - 722},
year = {2010},
note = {Proceedings of Diamond 2009, The 20th European Conference on Diamond, Diamond-Like Materials, Carbon Nanotubes and Nitrides, Part 2},
issn = {0925-9635},
doi = {https://doi.org/10.1016/j.diamond.2009.12.017},
url = {http://www.sciencedirect.com/science/article/pii/S0925963510000063},
author = {Guangliang Yang and Richard Jones and Franz Klein and Ken Finkelstein and Ken Livingston},
keywords = {Polarization, X-ray diffraction, Coherent bremsstrahlung, Diamond radiator, Rocking curve, Mosaic spread, Dislocations, Photon beam}
}

@techreport{clasnote1992014,
	Author = {Sober, D.I.},
	Institution = {Catholic University of America},
	Note = {\href{https://www.jlab.org/Hall-B/notes/clas_notes92/note92-014.pdf}{Technical Report CLAS-NOTE-92-014} (hyperlink)},
	Title = {{Calibration of the Tagged Photon Beam: Normalization Methods, Shower Counter and Pair Spectrometer}},
	Year = 1992}
}

@techreport{clasnote1993011,
	Author = {Eppich, A. and Sealock, R.M.},
	Institution = {Jefferson Lab},
	Note = {\href{https://www.jlab.org/Hall-B/notes/clas_notes93/note93-011.pdf}{Technical Report CLAS-NOTE-93-011} (hyperlink)},
	Title = {Studies of a Lead Glass Total Absorption Counter},
	Year = 1993}
}
	
@techreport{clasnote1999002,
	Author = {Anciant, E. and others},
	Institution = {CEA-Saclay},
	Note = {\href{http://www.jlab.org/Hall-B/notes/clas_notes99/norma.ps}{Technical Report CLAS-NOTE-1999-002} (hyperlink)},
	Title = {Photon Flux Normalization for CLAS},
	Year = 1992}
}

@techreport{clasnote2011020,
	Author = {Livingston, K},
	Institution = {University of Glsagow},
	Note = {\href{https://misportal.jlab.org/ul/Physics/Hall-B/clas/viewFile.cfm/2011-020.pdf?documentId=656}{Technical Report CLAS-NOTE-2011-020} (hyperlink)},
	Title = {Polarization from Coherent Bremsstrahlung Enhancement},
	Year = 2011}
}


@article{Agashe:2014kda,
	Author = {Olive, K. A. and others},
	Collaboration = {Particle Data Group},
	Doi = {10.1088/1674-1137/38/9/090001},
	Journal = {Chin. Phys.},
	Pages = {090001},
	Slaccitation = {%%CITATION = CHPHD,C38,090001;%%},
	Title = {{Review of Particle Physics}},
	Volume = {C38},
	Year = {2014},
	Bdsk-Url-1 = {http://dx.doi.org/10.1088/1674-1137/38/9/090001}}

@article{Jones:2006ru,
	Author = {Jones, R. T. and others},
	Doi = {10.1016/j.nima.2006.07.061},
	Journal = {Nucl. Instrum. Meth.},
	Pages = {366-374},
	Reportnumber = {JLAB-PHY-06-527},
	Slaccitation = {%%CITATION = NUIMA,A566,366;%%},
	Title = {{A bootstrap method for gain calibration and resolution determination of a lead-glass calorimeter}},
	Volume = {A566},
	Year = {2006},
	Bdsk-Url-1 = {http://dx.doi.org/10.1016/j.nima.2006.07.061}}
	
	
	@article{BEATTIE201824,
title = "Construction and performance of the barrel electromagnetic calorimeter for the \gx{} experiment",
journal = "NIMA",
volume = "896",
pages = "24 - 42",
year = "2018",
issn = "0168-9002",
doi = "https://doi.org/10.1016/j.nima.2018.04.006",
url = "http://www.sciencedirect.com/science/article/pii/S0168900218304807",
author = "T.D. Beattie and others",
keywords = "Electromagnetic calorimeter, Sampling calorimeter, Scintillating fibers, Silicon photomultipliers, MPPC, GlueX"
}

@article{JONES2007384,
title = "Performance of the {RadPhi} detector and trigger in a high rate tagged photon beam",
journal = "Nucl. Instrum. Meth.",
volume = "A570",
number = "3",
pages = "384 - 398",
year = "2007",
issn = "0168-9002",
doi = "https://doi.org/10.1016/j.nima.2006.09.039",
url = "http://www.sciencedirect.com/science/article/pii/S0168900206015798",
author = "R.T. Jones and others",
keywords = "Meson, Photoproduction, Radiative, Decay, Phi, ",
}

@article{CRITTENDEN1997377,
title = "A 3000 element lead-glass electromagnetic calorimeter",
journal = "Nucl. Instrum. Meth. ",
volume = "A387",
number = "3",
pages = "377 - 394",
year = "1997",
issn = "0168-9002",
doi = "https://doi.org/10.1016/S0168-9002(97)00101-0",
url = "http://www.sciencedirect.com/science/article/pii/S0168900297001010",
author = "R.R. Crittenden and others",
}

@article{Brunner:1998fh,
      author         = "Brunner, A. and others",
      title          = "{A Cockcroft-Walton base for the FEU84-3 photomultiplier
                        tube}",
      journal        = "Nucl. Instrum. Meth.",
      volume         = "A414",
      year           = "1998",
      pages          = "466-476",
      doi            = "10.1016/S0168-9002(98)00651-2",
      SLACcitation   = "%%CITATION = NUIMA,A414,466;%%"
}

@article{Schaefer:2011gw,
      author         = "Schaefer, B. D. and Mitchell, R. E. and McChesney, P. and
                        Shepherd, M. R. and Frye, J. M.",
      title          = "{Radiation Damage of F8 Lead Glass with 20 MeV
                        Electrons}",
      journal        = "Nucl. Instrum. Meth.",
      volume         = "B274",
      year           = "2012",
      pages          = "111-114",
      doi            = "10.1016/j.nimb.2011.12.005",
      eprint         = "1107.3332",
      archivePrefix  = "arXiv",
      primaryClass   = "physics.ins-det",
      SLACcitation   = "%%CITATION = ARXIV:1107.3332;%%"
}

@article{Bennett:2010nf,
      author         = "Bennett, J. V. and Kornicer, M. and Shepherd, M. R. and
                        Ito, M. M.",
      title          = "{Precision timing measurement of phototube pulses using a
                        flash analog-to-digital converter}",
      journal        = "Nucl. Instrum. Meth.",
      volume         = "A622",
      year           = "2010",
      pages          = "225-230",
      doi            = "10.1016/j.nima.2010.06.216",
      eprint         = "1005.5349",
      archivePrefix  = "arXiv",
      primaryClass   = "physics.ins-det",
      reportNumber   = "JLAB-PHY-10-1315",
      SLACcitation   = "%%CITATION = ARXIV:1005.5349;%%"
}

@article{DUGGER2017115,
title = "Design and construction of a high-energy photon polarimeter",
journal = "Nucl. Instrum. Meth.",
volume = "A867",
pages = "115 - 127",
year = "2017",
issn = "0168-9002",
doi = "https://doi.org/10.1016/j.nima.2017.05.026",
url = "http://www.sciencedirect.com/science/article/pii/S0168900217305715",
author = "M. Dugger and others"
}

@techreport{gx3076,
	Address = {https://halldweb.jlab.org/doc-private/DocDB/ShowDocument?docid=3076},
	Author = {Curtis Meyer},
	Institution = {Carnegie Mellon University},
	Month = {August},
	Number = {3076},
	Title = {A review of asymmetry measurementsin vector meson photoproduction experiments},
	Year = {2016}}

@techreport{DIPOLE_YANG,
	Address = {https://halldweb.jlab.org/doc-public/DocDB/ShowDocument?docid=1186},
	Author = {G. L. Yang},
	Institution = {Glasgow University},
	Month = {January},
	Number = {GlueX-doc-1186},
	Title = {A summary of the optics design for the \gx{} single dipole tagger spectrometer},
	Year = {2009}}
	
@techreport{DIPOLE_SOMOV,
	Address = {https://halldweb.jlab.org/doc-public/DocDB/ShowDocument?docid=1186},
	Author = {A. Somov},
	Institution = {Jefferson Lab},
	Month = {January},
	Number = {GlueX-doc-1368},
	Title = {Resolution studies of a dipole tagger magnet: response to the magnet review referees},
	Year = {2010}}	
	
@techreport{gx4271,
	Address = {https://halldweb.jlab.org/doc-private/DocDB/ShowDocument?docid=4271},
	Author = {Daniel I. Sober},
	Institution = {The Catholic University of America},
	Month = {July},
	Number = {GlueX-doc-4271},
	Title = {Analysis of the Hall D Tagger Dipole Magnet Field Maps},
	Year = {2015}}

@misc{HamamatsuPhotonics,
    address = {Hamamatsu Photonics},
    url = "https://www.hamamatsu.com/us/en/index.html"
}	

@INPROCEEDINGS{Dong:2007,
author={H. {Dong} and C. {Cuevas} and D. {Curry} and E. {Jastrzembski} and F. {Barbosa} and J. {Wilson} and M. {Taylor} and B. {Raydo}},
booktitle={2007 IEEE Nuclear Science Symposium Conference Record},
title={Integrated tests of a high speed VXS switch card and 250 MSPS flash ADCs},
year={2007},
volume={1},
number={},
pages={831-833},
doi={10.1109/NSSMIC.2007.4436457},
ISSN={1082-3654},
month={Oct}}

@misc{CAENCompany,
    address= {CAEN},
    url = "https://www.caen.it/"
} 
 
@misc{GlueXTOFNIM,
	Author = {{The GlueX Collaboration}},
	year = {2020},
	Title = {{The Time-Of-Flight Detector for GlueX}},
}

@article{GlueXCDCNIM,
      author         = "Jarvis, N. S. and others",
      title          = "{The Central Drift Chamber for \gx{}}",
      year           = "2019",
      eprint         = "1910.07602",
      archivePrefix  = "arXiv",
      primaryClass   = "physics.ins-det",
      SLACcitation   = "%%CITATION = ARXIV:1910.07602;%%"
}

@article{GlueX:2013twa,
      author         = "Somov, A.",
      title          = "{Development of level-1 triggers for experiments at
                        Jefferson Lab}",
      booktitle      = "{Proceedings, 11th Conference on the Intersections of
                        Particle and Nuclear Physics (CIPANP 2012): St.
                        Petersburg, Florida, USA, May 29-June 2, 2012}",
      collaboration  = "GlueX, JLab Fast Electronics Group",
      journal        = "AIP Conf. Proc.",
      volume         = "1560",
      year           = "2013",
      number         = "1",
      pages          = "700-702",
      doi            = "10.1063/1.4826876",
      reportNumber   = "JLAB-PHY-12-1631"
}
	
	
	@article{Barbosa:2017zzw,
      author         = "Barbosa, F. and Somov, A. S. and Somov, S. V. and
                        Tolstukhin, I. A.",
      title          = "{Time characteristics of detectors based on silicon
                        photomultipliers for the GlueX experiment}",
      journal        = "Instrum. Exp. Tech.",
      volume         = "60",
      year           = "2017",
      number         = "3",
      pages          = "322-329",
      doi            = "10.1134/S0020441217030022"
}

@article{Somov:2017vhp,
      author         = "Somov, A. and Tolstukhin, I. and Somov, S. V. and
                        Berdnikov, V. V.",
      title          = "{Commissioning of the Pair Spectrometer of the GlueX
                        experiment}",
      booktitle      = "{Proceedings, 2nd International Conference on Particle
                        Physics and Astrophysics (ICPPA 2016): Moscow, Russia,
                        October 10-14, 2016}",
      journal        = "J. Phys. Conf. Ser.",
      volume         = "798",
      year           = "2017",
      doi            = "10.1088/1742-6596/798/1/012175",
      reportNumber   = "JLAB-PHY-17-2431"
}	
	
	
@article{Somov:2017kif,
      author         = "Somov, A. and Barbosa, F. and Tolstukhin, I. and Somov,
                        S. V. and Berdnikov, V. V.",
      title          = "{The silicon photomultipliers in the detector subsystems
                        of the GlueX experiment}",
      booktitle      = "{Proceedings, 2nd International Conference on Particle
                        Physics and Astrophysics (ICPPA 2016): Moscow, Russia,
                        October 10-14, 2016}",
      journal        = "J. Phys. Conf. Ser.",
      volume         = "798",
      year           = "2017",
      doi            = "10.1088/1742-6596/798/1/012223"
}

@article{Somov:2016bgb,
      author         = "Somov, A. and Somov, S. and Tolstukhin, I.",
      title          = "{Performance of the pair spectrometer of the GlueX
                        experiment}",
      booktitle      = "{Proceedings, 1st International Conference on Particle
                        Physics and Astrophysics (ICPPA 2015): Moscow, Russia,
                        October 5-10, 2015}",
      journal        = "J. Phys. Conf. Ser.",
      volume         = "675",
      year           = "2016",
      number         = "4",
      pages          = "042022",
      doi            = "10.1088/1742-6596/675/4/042022"
}

@article{Tolstukhin:2014zsa,
      author         = "Tolstukhin, I. A. and Somov, A. S. and Somov, S. V. and
                        Bolozdynya, A. I.",
      title          = "{Recording of relativistic particles in thin
                        scintillators}",
      journal        = "Instrum. Exp. Tech.",
      volume         = "57",
      year           = "2014",
      number         = "6",
      pages          = "658-661",
      doi            = "10.1134/S0020441214060153"
}

@techreport{somov_flux,
	Author = {A. Somov},
	Institution = {Jefferson Lab},
	Month = jul,
	Note = {\href{https://halldweb.jlab.org/doc-public/DocDB/ShowDocument?docid=3924}{Technical Report GlueX-doc-3924} (hyperlink)},
	Title = {{Status of the Beam Flux Normalization from TAC runs}},
	Year = {2008}
}


@INPROCEEDINGS{tagh:base,
author={V. {Popov} and A. {Somov} and F. {Klein} and N. {Walford} and N.{Sparks}},
booktitle={2007 IEEE Nuclear Science Symposium Conference Record},
title={Performance studies of Hamamatsu R9800 photomultiplier tube with a new active base designed for use in the Hall D Broadband tagger Hodoscope},
year={2014},
doi={10.1109/NSSMIC.2014.7431075},
ISSN={1082-3654},
month={March}}
	

@techreport{somov_l1,
	Author = {A. Somov},
	Institution = {Jefferson Lab},
	Month = jul,
	Note = {\href{https://halldweb.jlab.org/doc-public/DocDB/ShowDocument?docid=1137}{Technical Report GlueX-doc-1137} (hyperlink)},
	Title = {{Level-1 Trigger of the GlueX Experiment}},
	Year = {2008}
}
	
	
@article{jana_chep09,
	Author = {David Lawrence},
	Date-Added = {2010-03-08 13:26:30 -0500},
	Date-Modified = {2010-06-09 17:25:18 -0400},
	Journal = {Journal of Physics: Conference Series},
	Pages = {(6pp)},
	Title = {The JANA calibrations and conditions database API},
	Url = {http://iopscience.iop.org/1742-6596/219/4/042011/},
	Volume = {219 part 4},
	Year = {2009 doi: 10.1088/1742-6596/219/4/042011},
	Bdsk-Url-1 = {http://iopscience.iop.org/},
	Bdsk-Url-2 = {http://iopscience.iop.org/1742-6596/219/4/042011/}}

@proceedings{jana_acat08,
	Address = {http://pos.sissa.it/archive/conferences/070/062/ACAT08\_062.pdf},
	Author = {D. Lawrence},
	Date-Added = {2010-03-08 13:14:33 -0500},
	Date-Modified = {2012-05-29 09:44:15 -0400},
	Journal = {Processings of Science},
	Month = {Nov},
	Number = {062},
	Organization = {D. Lawrence},
	Publisher = {SISSA},
	Series = {PoS},
	Title = {Multi-threaded event processing with JANA},
	Year = {2008}}

@article{xmsg-website,
	Date-Added = {2019-09-12 10:57:40 -0400},
	Date-Modified = {2019-09-12 11:00:49 -0400},
	Keywords = {publish subscribe messaging network software},
	Lastchecked = {9/12/2019},
	Month = {9},
	Title = {xMsg Multilingual publish-subscribe messaging system},
	Url = {https://claraweb.jlab.org/xmsg/},
	Year = {2019}}

@software{jana_v0_8_1b,
  author       = {David Lawrence and
                  Mark M. Ito and
                  Simon Taylor and
                  Dmitry Romanov},
  title        = {{JeffersonLab/JANA}: v0.8.1b (Version 0.8.1b).},
  month        = sep,
  year         = 2019,
  doi          = {10.5281/zenodo.3406573},
  url          = {https://doi.org/10.5281/zenodo.3406573},
  version      = {v0.8.1b},
  date         = {Sep 2019},
  note         = {Zenodo. \href{https://doi.org/10.5281/zenodo.3406573}{https://doi.org/10.5281/zenodo.3406573}\EatDot}
}

@software{Millepede,
	author = "Blobel, V.",
	year   = "2007",
	title  = "{Millipede II}",	
    url    = {https://www.desy.de/\~kleinwrt/MP2/doc/html/index.html},
	note   = {\href{https://www.desy.de/\~kleinwrt/MP2/doc/html/index.html}{www.desy.de/\~kleinwrt/MP2/doc/html/index.html}}
}

@software{CODA,
	author = "{JLab Data Acquisition Group}",
	title  = "{CODA}",	
    url    = {https://coda.jlab.org},
	note   = {\href{https://coda.jlab.org}{coda.jlab.org}}
}

@software{rootspy,
	author = "{David Lawrence and Sean Dobbs and Justin Barry and James Codega}",
	title  = "{RootSpy Data Quality Monitoring System}",	
    url    = {https://www.jlab.org/RootSpy/},
	note   = {\href{https://www.jlab.org/RootSpy/}{www.jlab.org/RootSpy}}
}

@software{xmsg,
	author = "{Vardan Gyurjyan and Sebastián Mancilla and Ricardo Oyarzún}",
	title  = "{xMsg Multilingual publish-subscribe messaging system}",	
    url    = {https://claraweb.jlab.org/xmsg/},
	note   = {\href{https://claraweb.jlab.org/xmsg/}{claraweb.jlab.org/xmsg}}
}

@techreport{gx3821,
	Address = {https://halldweb.jlab.org/doc-public/DocDB/ShowDocument?docid=3821},
	Author = {Mark Ito and David Lawrence},
	Date-Added = {2019-04-09 16:40:57 -0400},
	Date-Modified = {2019-04-09 16:45:05 -0400},
	Institution = {Jefferson Lab},
	Month = {June},
	Number = {3821},
	Title = {GlueX Computing Model for RunPeriod-2017-01},
	Year = {2018}}

@INPROCEEDINGS{5873864, 
author={G. {Visser} and others}, 
booktitle={IEEE Nuclear Science Symposuim Medical Imaging Conference}, 
title={{A 72 channel 125 MSPS analog-to-digital converter module for drift chamber readout for the GlueX detector}}, 
year={2010}, 
volume={}, 
number={}, 
pages={777-781}, 
doi={10.1109/NSSMIC.2010.5873864}, 
ISSN={}, 
month={Oct}
}


@misc{Barbosa2007,
    author = {F. Barbosa},
    title = {GlueX Preamp Card User’ Manual},
    url = {https://halldweb.jlab.org/DocDB/0009/000923/001/GlueX_Preamp_Card_User_s_Manual.pdf}
}
@misc{Barbosa2008,
    author = {F. Barbosa},
    title = {GLueX Front End Analog Signal Processing ASIC},
    url = {https://halldweb.jlab.org/DocDB/0010/001005/001/GAS_March_08_Review_1.pdf}
}

@misc{Visser2008,
    author = {G. Visser},
    year = {2008},
    title = {{High Density 125 MSPS Differential Input ADC Module Specifications – for GlueX Drift Chamber Application }},
    url = { https://halldweb.jlab.org/DocDB/0008/000855/002/Drifts_ADC_Specification_Document.pdf}
}

@article{FDC_NIM,
      author         = "Pentchev, L. and Barbosa, F. and Berdnikov, V. and
                        Butler, D. and Furletov, S. and Robison, L. and Zihlmann,
                        B.",
      title          = "{Studies with cathode drift chambers for the GlueX
                        experiment at Jefferson Lab}",
      booktitle      = "{Proceedings, 14th Vienna Conference on Instrumentation
                        (VCI 2016): Vienna, Austria, February 15-19, 2016}",
      journal        = "Nucl. Instrum. Meth.",
      volume         = "A845",
      year           = "2017",
      pages          = "281-284",
      doi            = "10.1016/j.nima.2016.04.076",
      SLACcitation   = "%%CITATION = NUIMA,A845,281;%%"
}

@inproceedings{Alcorn-confer-1972,
     Author = {J. S. Alcorn and H.O. Peterson and S. St. Lorant},
     title={SLAC two-meter diameter, 25-kilogauss, superconducting solenoid, {UAMH BINN}},
     Booktitle = {Applied Superconductivity Conference},
     Pages = 273,
     Year = {1972},
     publisher={Inst. of Electrical and Electronics Engineers, Inc., New York; Stanford Univ., CA},
}

@techreport{Aston:1987uc,
        title = "{The LASS spectrometer}",
        Author = {Aston, D. and others},
        institution = {SLAC},
        note        ="{Technical report SLAC-R-298}",
        url         ="https://www-public.slac.stanford.edu/scidoc/docMeta.aspx?slacPubNumber=slac-R-298",
        number = "{SLAC-298}",
        reportNumber   = "SLAC-0298, SLAC-298, SLAC-R-0298, SLAC-R-298",
        Address = {Stanford, CA},
        year = "1987"
}

@article{Ballard:2011tm,
      author         = "Ballard, Joshua and Biallas, George Herman and Brindza,
                        Paul and Carstens, Thomas and Creel, Jonathan and others",
      title          = "{Refurbishment and testing of the 1970's era LASS
                        solenoid coils for Jlab's Hall D}",
      journal        = "AIP Conf.Proc.",
      volume         = "1434",
      pages          = "861-868",
      year           = "2011",
      reportNumber   = "JLAB-PHY-11-1382",
      COMMENTurl            = "http://scitation.aip.org/content/aip/proceeding/aipcp/10.1063/1.4707001",
      doi            = "10.1063/1.4707001", 
      SLACcitation   = "%%CITATION = APCPC,1434,861;%%",
}

@article{Lavendure:2014:refrig,
   author = "Laverdure, N. and Creel, J. and Dixon, K. and Ganni, V. and Martin, F. and Norton, R. and Radovic, S.",
   title = "{The Hall D solenoid helium refrigeration system at JLab}",
   journal = "AIP Conference Proceedings",
   year = "2014",
   volume = "1573",
   number = "1", 
   pages = "329-336",
   COMMENTurl = "http://scitation.aip.org/content/aip/proceeding/aipcp/10.1063/1.4860719",
   doi = "10.1063/1.4860719" 
}

@article{Ballard:2015wma,
      author         = "Ballard, J. and others",
      title          = "{Commissioning and Testing the 1970's Era LASS Solenoid
                        Magnet in JLab's Hall D}",
      booktitle      = "{Proceedings, Applied Superconductivity Conference (ASC
                        2014): Charlotte, NC, USA, August 10-15, 2014}",
      journal        = "IEEE Trans. Appl. Supercond.",
      volume         = "25",
      year           = "2015",
      number         = "3",
      pages          = "4500805",
      doi            = "10.1109/TASC.2014.2385152",
      reportNumber   = "JLAB-ACE-14-1944",
      SLACcitation   = "%%CITATION = ITASE,25,4500805;%%"
}

@article{Slominski:2009icaleps,
      author         = "Slominski, C. and others",
      title          = "{A MySQL based EPICS archiver}",
      journal        = "{Proceedings, ICALEPCS2009}",
      year           = "2010",
      pages          = "447-449"
}

@article{Chen:2011icaleps,
      author         = "Chen, X. and Kasemir, K.",
      title          = "{BOY, a modern graphical operatir interface editor and runtime}",
      journal        = "{Proceedings, ICALEPCS2011}",
      year           = "2011",
      pages          = "1404-1406"
}

@article{Kasemir:2009icaleps,
      author         = "Kasemir, K. and others",
      title          = "{The Best Ever Alarm System Toolkit”}",
      journal        = "{Proceedings, ICALEPCS2009}",
      year           = "2010",
      pages          = "1062-1065"
}
%
%--start of simulation
%
% Geant-3 References
%
@misc{Brun:1987ma,
      author         = "Brun, R. and Bruyant, F. and Maire, M. and McPherson, A.
                        C. and Zanarini, P.",
      title          = "{GEANT3}",
      year           = "1987",
      reportNumber   = "CERN-DD-EE-84-1",
      SLACcitation   = "%%CITATION = CERN-DD-EE-84-1;%%"
}
%
% Geant-4 References
%
@article{Agostinelli:2002hh,
      author         = "Agostinelli, S. and others",
      title          = "{GEANT4: A Simulation toolkit}",
      collaboration  = "GEANT4",
      journal        = "Nucl. Instrum. Meth.",
      volume         = "A506",
      year           = "2003",
      pages          = "250-303",
      doi            = "10.1016/S0168-9002(03)01368-8",
      reportNumber   = "SLAC-PUB-9350, FERMILAB-PUB-03-339",
      SLACcitation   = "%%CITATION = NUIMA,A506,250;%%"
}
%
@article{Allison:2016lfl,
      author         = "Allison, J. and others",
      title          = "{Recent developments in Geant4}",
      journal        = "Nucl. Instrum. Meth.",
      volume         = "A835",
      year           = "2016",
      pages          = "186-225",
      doi            = "10.1016/j.nima.2016.06.125",
      reportNumber   = "FERMILAB-PUB-16-447-CD",
      SLACcitation   = "%%CITATION = NUIMA,A835,186;%%"
}
%
%Pythia 6.4
%
@article{Sjostrand:2006za,
      author         = "Sjostrand, Torbjorn and Mrenna, Stephen and Skands, Peter
                        Z.",
      title          = "{PYTHIA 6.4 Physics and Manual}",
      journal        = "JHEP",
      volume         = "05",
      year           = "2006",
      pages          = "026",
      doi            = "10.1088/1126-6708/2006/05/026",
      eprint         = "hep-ph/0603175",
      archivePrefix  = "arXiv",
      primaryClass   = "hep-ph",
      reportNumber   = "FERMILAB-PUB-06-052-CD-T, LU-TP-06-13",
      SLACcitation   = "%%CITATION = HEP-PH/0603175;%%"
}

%
% - end of simulation
%